2238 2908
1079 144 1131 200 4
1166 117 1170 128 .

329 287 584 346 Disyllaba
639 286 692 330 in
737 276 809 332 ὦ
852 284 1086 330 Arcadius
1142 291 1190 328 et
1210 320 1215 324 .
1233 283 1562 341 Theognostus
1622 287 2013 344 praetermittunt

209 365 451 408 unumque
484 352 623 408 affert
654 347 739 390 sed
773 348 1042 390 obsoletum
1073 347 1234 401 Etym.
1272 346 1337 389 M.
1381 348 1600 398 147,·48.
1641 352 1715 403 ,θῶ
1741 340 1882 404 fidam
1904 349 2010 406 (scr.

208 410 364 472 βώσω)
405 409 534 455 unde
565 406 724 467 βάσις,
759 405 911 465 βοτόν
944 413 1014 461 et,
1055 413 1198 463 puto,
1233 410 1362 463 βοῦς.
1427 405 1641 459 Alterum
1673 407 1826 451 Schol.
1860 408 1916 451 A.
1949 408 2014 451 ad

209 477 265 517 ΙΙ.
297 474 380 515 vi.
414 476 519 514 500.
552 472 638 512 sed
671 470 968 511 dubitanter:
1010 468 1128 524 γόον
1159 470 1267 512 ἀντὶ
1306 474 1394 512 τοῦ
1422 467 1547 524 γόων
1576 469 1833 523 συνεστάλη
1863 471 1892 524 ἦ
1919 471 2013 514 ἀπὸ

208 531 494 595 βαρυτόνου.
557 530 717 589 Etym.
737 528 926 582 M.-238‚
940 531 1013 573 23.
1043 530 1070 575 ὁ
1100 530 1199 588 μὲν
1215 526 1518 582 Ἀπολλώνιος
1549 526 1764 589 δευτέρας
1798 529 2016 590 συζυγίας

213 595 331 641 ἀυτὸ
362 590 482 640 εἶναι
511 590 635 653 λέγει
662 592 748 636 καὶ
776 594 1105 652 παρατατικοῦ
1132 590 1263 637 κατὰ
1296 589 1547 644 συστολήν·
1591 592 1620 635 ὁ
1660 590 1710 636 δὲ
1733 591 2016 652 “Ηρωδιανο“ς

216 654 434 715 δευτέρου
464 652 706 713 ἀορίστου,
740 659 866 694 recte
899 652 1017 693 sine·
1037 649 1183 691 dubio
1217 651 1259 691 si
1281 650 1355 699 fid
1386 663 1524 694 usum
1554 651 1775 703 refertur,
1809 651 1895 694 sed
1926 653 2017 696 hoe

214 716 335 759 nihil
366 715 572 772 impedit
604 712 884 770 quominus,
927 709 1055 769 quod
1085 723 1172 768 pro
1206 710 1385 773 aoristo
1415 710 1561 765 valet,
1585 712 1807 769 >nativum
1840 712 2017 771 imper-

213 777 391 820 fectum
427 787 532 817 esse
563 774 791 818 dicamus.
854 772 1018 829 Neque
1051 772 1146 814 alia
1178 777 1251 813 est
1282 772 1523 815 sententia
1556 772 1616 816 de
1647 774 1887 817 homerico
1905 773 2014 830 Me,

217 837 277 881 de
311 835 520 880 secunda
549 847 704 892 praes„
737 832 883 876 medii
914 830 1139 880 καταλόει
1181 830 1308 889 apud
1340 830 1737 890 Aristophanem,
1781 842 1828 877 et
1858 834 2017 878 hesio-

217 898 298 941 dio
332 898 420 956 (μὴ
451 898 613 943 ἔσθειν
639 895 780 954 μηδὲ)
807 894 1011 940 λόεσθαι
1043 894 1131 951 Op.
1164 895 1267 936 149.
1298 893 1439 948 vcnjus
1462 898 1727 950 ‘accentum
1759 896 2023 940 Passovius·

214 961 267 1002 in
299 958 615 1014 penultimam
649 955 901 998 transferri
929 955 1097 1010 jussit,
1125 953 1212 996 'cui
1253 953 1442 998 facilius
1482 955 1739 1001 concedam
1771 959 1824 1001 in
1859 957 2016 1002 Scolio

214 1019 348 1065 XXI.
382 1016 576 1075 (Athen.
607 1030 657 1074 p.
682 1016 809 1073 695.)
849 1028 938 1074 pro
980 1014 1078 1061 λόει
1119 1016 1223 1060 λοεῖ
1253 1016 1506 1071 corrigenti
1533 1018 1623 1060 etsi
1653 1018 1703 1060 in
1740 1017 2018 1073 huiusmodi

218 1082 445 1130 carmine*
478 1093 540 1121 ne
586 1078 638 1120 id
692 1077 885 1134 quidem
935 1077 1256 1119 necessarium
1307 1075 1440 1120 duco.
1500 1078 1649 1122 Verbi
1679 1078 1785 1126 θόω
1818 1081 2021 1137 vestigia

216 1142 349 1184 nulla
380 1140 473 1186 nisi
507 1137 635 1194 apud
668 1137 1040 1189 Grammaticos3
1071 1137 1230 1192 Etym.
1262 1136 1325 1179 M.
1357 1140 1465 1189 460,
1502 1141 1572 1182 14.
1604 1139 1774 1200 θώραξ
1802 1142 1932 1202 παρὰ
1964 1143 2019 1189 τὸ

218 1205 293 1248 θῶ
323 1200 379 1246 τὸ
411 1197 650 1254 ἀπολαύω,
678 1199 705 1243 ὁ
728 1196 914 1256 μέλλων
942 1196 1099 1254 fiebam,
1130 1221 1194 1231 —
1222 1199 1421 1244 θῶσθαι
1450 1200 1523 1258 (ut
1552 1202 1725 1259 ὑπνῶν)
1757 1204 1808 1247 οἱ
1831 1206 2022 1264 Δωριεῖς

218 1264 273 1309 τὸ
311 1262 593 1319 εὐωχεῖσθαι
647 1259 721 1316 (v.
758 1259 888 1301 Bast.
923 1259 985 1302 ad
1019 1258 1159 1315 Greg.
1201 1272 1247 1315 p.
1287 1261 1420 1321 357.)
1467 1260 1685 1320 θώμενος
1727 1263 2021 1322 θοινώμενος

215 1323 427 1377 Hesych.
462 1334 584 1377 quae
611 1318 779 1362 eadem
814 1318 877 1373 ad
907 1318 1020 1364 θείω
1043 1319 1105 1364 ’τὸ
1137 1317 1287 1379 τρέφω
1320 1320 1594 1365 referuntur
1629 1330 1684 1365 ut
1719 1327 1915 1381 μῶσθαι
1934 1376 1937 1378 μ
1957 1326 2020 1368 ad

218 1383 337 1443 μάω.
399 1381 505 1428 Ζόω
547 1387 810 1423 assumtum
855 1387 926 1422 est
961 1392 1021 1423 ex
1053 1379 1288 1435 Hesyclnii
1328 1381 1487 1437 glossa
1517 1382 1723 1430 Ζούσθω
1753 1384 2018 1441 ζωννύσθω.

218 1443 337 1491 Πόω
378 1456 438 1486 ex
465 1443 624 1498 Etym.
658 1441 723 1485 M.
753 1443 858 1484 698.
892 1443 965 1484 51.
993 1445 1062 1486 πῶ
1090 1465 1153 1475 -
1191 1442 1287 1489 ἔστι
1323 1445 1408 1488 καὶ
1445 1445 1574 1505 ῥῆμα
1613 1447 1714 1507 παρ’
1756 1449 2017 1504 Αἰολεῦσιν,

217 1503 322 1550 οἷον
342 1510 486 1564 χαῖρε
516 1496 601 1548 aecci
630 1508 699 1546 πῶ
713 1526 777 1535 -
793 1502 904 1562 ὅπερ
934 1501 1118 1558 λέγεται
1149 1505 1201 1547 ἐν
1227 1502 1364 1564 ἑτέρῳ
1393 1504 1619 1563 σύμπωθι
1647 1509 1750 1554 κατ’
1770 1508 2021 1565 ἐπαύξησιν

217 1567 274 1617 ὡς
312 1566 426 1619 ζῆθι
463 1567 549 1607 καὶ
586 1563 730 1621 ζῶθρί,
777 1561 924 1616 idque
961 1562 1249 1617 principium
1295 1571 1368 1606 est
1412 1573 1682 1623 temporum
1717 1569 2021 1628 obliquorum

215 1623 405 1670 πέπωκα
437 1629 486 1668 et
513 1620 722 1680 πέπομαι
763 1622 836 1678 (ut
868 1619 1051 1667 δέδωκα
1082 1628 1131 1664 et
1162 1620 1380 1682 δέδομαι)
1424 1633 1472 1668 et
1499 1627 1648 1671 latini·
1671 1629 1765 1673 buo
1794 1628 2019 1690 '(imbuo)

215 1692 269 1727 ut
298 1686 380 1727 luo
412 1696 442 1726 a
472 1681 595 1738 λόω,”
616 1681 701 1724 sed
734 1681 1083 1736 significatione
1116 1682 1346 1727 factitiva.
1410 1686 1536 1730 Illud
1569 1701 1683 1731 vero
1729 1690 1847 1748 πὸω,
1891 1694 2020 1751 quod

218 1745 429 1790 Coraeus
456 1745 616 1787 Atact.
664 1742 717 1785 T.
752 1741 813 1785 11.
861 1756 907 1799 p.
944 1744 1047 1786 122.
1091 1744 1278 1787 nomini
1309 1750 1449 1805 πῶμα
1491 1749 1808 1815 (operculum)
1854 1761 1903 1797 et
1930 1768 2017 1799 no-

217 1806 337 1849 vitio
376 1803 616 1864 ἐμπώθειν
668 1802 931 1860 (boucher)
981 1804 1213 1859 originem
1266 1805 1456 1851 dedisse
1498 1811 1666 1865 sumit,
1721 1814 1763 1856 si
1804 1822 2014 1873 unquam

216 1867 528 1924 germinavit,
561 1865 646 1907 diu
676 1863 904 1907 radicitus
938 1864 1154 1910 evulsum
1188 1873 1273 1909 est.
1518 1909 1528 1914 f
1835 1887 1842 1895 ·

345 1925 478 1979 Quae
526 1931 663 1968 sexto
713 1925 942 1968 collocavi
982 1926 1111 1980 loco,
1163 1942 1325 1972 eorum
1378 1929 1603 1975 tredecim
1648 1946 1676 1976 a
1709 1934 2012 1994 Theognosto

216 2003 261 2045 p.
297 1989 399 2031 148.
439 1985 776 2044 praetermissa
807 1993 939 2041 sunt,
992 2000 1081 2032 nec
1120 1987 1273 2033 solum
1309 1990 1567 2036 thematica
1595 2001 1649 2038 ut
1676 1994 1802 2044 πλύω
1869 2000 1995 2048 maja,

215 2047 335 2104 πύω,
367 2042 492 2106 xiim,
535 2047 619 2090 sed
654 2048 797 2091 etiam
831 2049 975 2105 vulgo
1007 2058 1198 2107 recepta
1239 2059 1292 2094 ut
1320 2051 1475 2108 βλύω,
1511 2054 1636 2111 βύω,
1672 2033 1825 2115 xum:
1873 2037 2011 2109 orffiw'

214 2107 352 2170 τρύω,
382 2107 499 2169 φύω,
529 2106 675 2169 φλύω,
705 2108 835 2169 quod
866 2110 971 2167 ipse
1005 2111 1272 2156 omisissem
1307 2126 1404 2157 una
1431 2128 1533 2158 cum
1555 2115 1689 2177 τρύὼ,
1720 2099 2009 2178 quia⁸aliani

212 2170 460 2227 utri-usque
492 2170 696 2213 formam
729 2169 875 2231 φλέω,
918 2170 1054 2232 τρέω,
1094 2173 1148 2216 iu
1180 2175 1389 2217 secundo
1418 2178 1557 2233 posui
1590 2180 1786 2233 ordine,
1824 2185 1867 2227 si
1898 2187 2007 2230 sciri

213 2251 376 2301 posset
405 2249 523 2286 utra·
545 2242 608 2285 sit
638 2243 962 2301 principalior.
1026 2245 1179 2290 Omisi
1209 2255 1371 2292 tamen
1399 2243 1549 2296 'verba
1579 2252 1627 2297 in
1650 2246 1741 2301 ’ὦ
1768 2260 2006 2313 exeuntia,
2055 2286 2066 2292 -
